% This file was created with JabRef 2.9.2.
% Encoding: UTF8

@techreport{Blanco95,
  author = {Blanco, S; Quiroga, R. Quian; Rosso, O. A.; Kochen, S.},
  title = {Time-frequency analysis of electroencephalogram series},
  year = {1995},
  pages = {1-3},
}

